<record><leader>00000cas a2200000 a 4500</leader><controlfield tag="001">13723782</controlfield><controlfield tag="008">860612d18941901okuwr ne      0    0eng d</controlfield><datafield ind1=" " ind2=" " tag="010"><subfield code="a">sn 86064100 </subfield></datafield><datafield ind1=" " ind2=" " tag="040"><subfield code="a">KSH</subfield><subfield code="b">eng</subfield><subfield code="c">KSH</subfield><subfield code="d">NPT</subfield><subfield code="d">OBN</subfield><subfield code="d">OCL</subfield><subfield code="d">OCLCQ</subfield><subfield code="d">OCLCO</subfield></datafield><datafield ind1="1" ind2=" " tag="029"><subfield code="a">AU@</subfield><subfield code="b">000022169631</subfield></datafield><datafield ind1=" " ind2=" " tag="042"><subfield code="a">msc</subfield></datafield><datafield ind1=" " ind2=" " tag="043"><subfield code="a">n-us-ok</subfield></datafield><datafield ind1="0" ind2="4" tag="245"><subfield code="a">The Medford weekly patriot.</subfield></datafield><datafield ind1="3" ind2="0" tag="246"><subfield code="a">Patriot</subfield></datafield><datafield ind1=" " ind2=" " tag="260"><subfield code="a">Medford, Oklahoma Territory [Okla.] :</subfield><subfield code="b">T.J. Palmer</subfield></datafield><datafield ind1=" " ind2=" " tag="300"><subfield code="a">v.</subfield></datafield><datafield ind1=" " ind2=" " tag="310"><subfield code="a">Weekly</subfield></datafield><datafield ind1="0" ind2=" " tag="362"><subfield code="a">Vol. 1, no. 18 (Feb. 22, 1894)-v. 8, no. 41 (July 25, 1901).</subfield></datafield><datafield ind1=" " ind2="0" tag="651"><subfield code="a">Medford (Okla.)</subfield><subfield code="v">Newspapers.</subfield></datafield><datafield ind1=" " ind2="0" tag="651"><subfield code="a">Grant County (Okla.)</subfield><subfield code="v">Newspapers.</subfield></datafield><datafield ind1=" " ind2="0" tag="651"><subfield code="a">Oklahoma Territory (Okla.)</subfield><subfield code="v">Newspapers.</subfield></datafield><datafield ind1=" " ind2=" " tag="752"><subfield code="a">United States</subfield><subfield code="b">Oklahoma</subfield><subfield code="c">Grant</subfield><subfield code="d">Medford.</subfield></datafield><datafield ind1="0" ind2="0" tag="780"><subfield code="t">Medford patriot (Medford, Okla. : 1893)</subfield><subfield code="w">(DLC)sn 94058968</subfield><subfield code="w">(OCoLC)31028920</subfield></datafield><datafield ind1="0" ind2="0" tag="785"><subfield code="t">Medford patriot (Medford, Okla. : 1901)</subfield><subfield code="w">(DLC)sn 94058969</subfield><subfield code="w">(OCoLC)31029277</subfield></datafield></record>